
@book{certeau_ecriture_1975,
	address = {Paris},
	title = {L' écriture de l'histoire},
	publisher = {Folio histoire},
	author = {Certeau, Michel de},
	year = {1975},
}

@misc{inha_repertoire_2023,
	type = {Text},
	title = {Répertoire des ventes d'antiques en {France} au {XIXe} siècle},
	url = {https://www.inha.fr/fr/recherche/le-departement-des-etudes-et-de-la-recherche/domaines-de-recherche/histoire-de-l-art-antique-et-de-l-archeologie/repertoire-des-ventes-d-antiques.html},
	abstract = {Programme en cours},
	language = {fr},
	urldate = {2024-04-02},
	author = {INHA},
	month = oct,
	year = {2023},
	note = {Archive Location: fr},
	keywords = {Datavisualisation},
	file = {Snapshot:/Users/theoburnel/Zotero/storage/W9E8EY66/repertoire-des-ventes-d-antiques.html:text/html},
}

@misc{inha_digital_nodate,
	title = {Digital {Muret}},
	url = {https://digitalmuret.inha.fr/s/digital-muret/page/accueil},
	urldate = {2024-04-02},
	author = {INHA},
	keywords = {Datavisualisation},
	file = {Bienvenue · Digital Muret · Digital Muret:/Users/theoburnel/Zotero/storage/VHEYIQDM/accueil.html:text/html},
}

@book{denoel_beatus_2022,
	address = {Paris},
	edition = {Édition originale, tirage limité et numéroté},
	series = {{BnF} éditions},
	title = {Le {Beatus} de {Saint}-{Sever}},
	isbn = {978-2-85088-896-0 978-2-7177-2936-8},
	abstract = {"'Beatus de Saint-Sever' pour les uns, 'latin 8878' pour les autres : derriere ces de nominations de convention se cache un joyau patrimonial d'une extraordinaire richesse textuelle et artistique. De dimensions imposantes, ce manuscrit a ete realise au XIe siecle dans l'abbaye gasconne de Saint-Sever. Son commanditaire, l'abbe Gregoire de Montaner, en a minutieusement orchestre la conception. Le resultat est un ensemble de textes en latin et d'images organise autour de l'Apocalypse de saint Jean commentee par un moine espagnol du VIIIe siecle, Beatus de Liebana. Le cycle iconographique est, pour sa part, l'un des plus importants que nous ait le gue s le Moyen Age. Par leur aspect monumental, leurs couleurs vives, leur ornementation foisonnante et leur esthetique disruptive, ses luxueuses peintures ont immediatement suscite une fascination qui perdure encore aujourd'hui. L'etude menee dans cet ouvrage, collective et collaborative, tente de rendre compte de toute la richesse et de toute la complexite du Beatus de Saint-Sever, une œuvre totale qui, comme tous les chefs-d’œuvre, a ete et demeure encore une source d'inspiration feconde."--},
	language = {lat fre},
	publisher = {Citadelles \& Mazenod},
	editor = {Denoël, Charlotte},
	collaborator = {Marchesin, Isabelle and Vagnon, Emmanuelle and Bourgain, Pascale and Stavrinaki, Maria and Barral i Altet, Xavier},
	year = {2022},
	file = {Beatus - 2022 - Le Beatus de Saint-Sever.pdf:/Users/theoburnel/Zotero/storage/B7JASNWJ/Beatus - 2022 - Le Beatus de Saint-Sever.pdf:application/pdf},
}

@article{roger_etude_2007,
	title = {Étude des couleurs et de la pratique picturale},
	url = {https://www.faton.fr/art-de-lenluminure/numero-20/l-evangeliaire-charlemagne.2451.php},
	number = {20},
	urldate = {2024-04-02},
	journal = {Art de l'enluminure ⎮L'Évangéliaire de Charlemagne},
	author = {Roger, Patricia},
	year = {2007},
	keywords = {Enluminures},
	pages = {46--65},
	file = {Roger - 2007 - Étude des couleurs et de la pratique picturale.pdf:/Users/theoburnel/Zotero/storage/4FWPIDLZ/Roger - 2007 - Étude des couleurs et de la pratique picturale.pdf:application/pdf},
}

@book{gameson_pigments_2023,
	address = {London},
	title = {The pigments of {British} medieval illuminators: a scientific and cultural study},
	isbn = {978-1-909492-96-7},
	shorttitle = {The pigments of {British} medieval illuminators},
	language = {eng},
	publisher = {Archetype Publications},
	author = {Gameson, Richard},
	year = {2023},
	file = {Gameson - 2023 - The pigments of British medieval illuminators a s.pdf:/Users/theoburnel/Zotero/storage/RRKTJRVK/Gameson - 2023 - The pigments of British medieval illuminators a s.pdf:application/pdf},
}

@misc{inha_plateforme_nodate,
	title = {Plateforme d’édition numérique de sources enrichies},
	url = {https://pense.inha.fr/},
	urldate = {2024-04-12},
	author = {INHA},
	file = {Plateforme d’édition numérique de sources enrichies, INHA:/Users/theoburnel/Zotero/storage/U5X6GAZE/pense.inha.fr.html:text/html},
}

@misc{inha_partez_nodate,
	title = {Partez sur la pistes des œuvres antiques},
	url = {https://ventesdantiques.inha.fr/},
	abstract = {Découvrez le parcours d’œuvre de leur création à leur exposition},
	urldate = {2024-04-12},
	author = {INHA},
	file = {Snapshot:/Users/theoburnel/Zotero/storage/X754ZV8A/ventesdantiques.inha.fr.html:text/html},
}

@misc{conservation__art_materials_encyclopedia_online_pigment_nodate,
	title = {Pigment},
	url = {https://cameo.mfa.org/wiki/Pigment},
	language = {en},
	urldate = {2024-06-17},
	author = {Conservation \& Art Materials Encyclopedia Online},
	file = {Snapshot:/Users/theoburnel/Zotero/storage/B66IJ9UQ/Pigment.html:text/html},
}

@misc{university_of_applied_sciences_potsdam_vikus_nodate,
	title = {{VIKUS} {Viewer}: {Explore} cultural collections along time, texture and themes},
	shorttitle = {{VIKUS} {Viewer}},
	url = {https://vikusviewer.fh-potsdam.de/},
	language = {en},
	urldate = {2024-06-17},
	author = {University of Applied Sciences Potsdam},
	file = {Snapshot:/Users/theoburnel/Zotero/storage/RNBAYDRG/vikusviewer.fh-potsdam.de.html:text/html},
}

@misc{pietsch_cpietschvikus-viewer_2024,
	title = {cpietsch/vikus-viewer},
	url = {https://github.com/cpietsch/vikus-viewer},
	abstract = {Explore cultural collections along time, texture and themes},
	urldate = {2024-06-17},
	author = {Pietsch, Christopher},
	month = jun,
	year = {2024},
	note = {original-date: 2018-05-12T17:40:59Z},
	keywords = {vikus-viewer},
}

@article{toubkis_ordre_2004,
	title = {L'ordre de la chronologie},
	volume = {7},
	issn = {1298-6216},
	url = {https://www.cairn.info/revue-hypotheses-2004-1-page-133.htm},
	doi = {10.3917/hyp.031.0133},
	language = {fr},
	number = {1},
	urldate = {2024-06-21},
	journal = {Hypothèses},
	author = {Toubkis, Dimitri},
	year = {2004},
	note = {Place: Paris
Publisher: Éditions de la Sorbonne},
	pages = {133--145},
	file = {Full Text PDF:/Users/theoburnel/Zotero/storage/I5J6WVYA/Toubkis - 2004 - L'ordre de la chronologie.pdf:application/pdf;Snapshot:/Users/theoburnel/Zotero/storage/J3BU677T/revue-hypotheses-2004-1-page-133.html:text/html},
}

@misc{fitzwilliam_museum_illuminated_nodate,
	title = {Illuminated manuscripts preserved at the {Fitzwilliam} {Museum} in {Cambridge}},
	url = {https://www.fitzmuseum.cam.ac.uk/illuminated/},
	urldate = {2024-06-28},
	author = {Fitzwilliam Museum},
	file = {Snapshot:/Users/theoburnel/Zotero/storage/X6FHKK6V/illuminated.html:text/html},
}

@misc{thach_quest-ce_nodate,
	title = {Qu'est-ce qu'un {Iframe} et comment l'intégrer dans une page ?},
	url = {https://blog.hubspot.fr/website/iframe},
	language = {fr, fr},
	urldate = {2024-07-02},
	author = {Thach, Thiso},
	file = {Snapshot:/Users/theoburnel/Zotero/storage/PJXA7QVB/iframe.html:text/html},
}

@article{lenart_skos_2007,
	title = {{SKOS}, un langage de représentation de schémas de concepts},
	volume = {44},
	issn = {0012-4508},
	url = {https://www.cairn.info/revue-documentaliste-sciences-de-l-information-2007-1-page-75.htm},
	doi = {10.3917/docsi.441.0075},
	language = {fr},
	number = {1},
	urldate = {2024-07-04},
	journal = {Documentaliste-Sciences de l'Information},
	author = {Lénart, Michèle},
	year = {2007},
	note = {Place: Paris
Publisher: A.D.B.S.},
	pages = {75--75},
	file = {Full Text PDF:/Users/theoburnel/Zotero/storage/WBWGLJR4/Lénart - 2007 - SKOS, un langage de représentation de schémas de c.pdf:application/pdf},
}

@misc{inha_thesaurus_nodate,
	title = {Thésaurus et vocabulaires contrôlés de l'{Institut} national d'histoire de l'art},
	url = {https://thesaurus.inha.fr/thesaurus/},
	urldate = {2024-07-04},
	author = {INHA},
	file = {Thésaurus et vocabulaires contrôlés de l'Institut national d'histoire de l'art:/Users/theoburnel/Zotero/storage/WT5RYDKA/thesaurus.html:text/html},
}

@misc{ministere_charge_de_la_culture_culturecommunicationginco_2022,
	title = {culturecommunication/ginco},
	url = {https://github.com/culturecommunication/ginco},
	abstract = {Gestion Informatisée de Nomenclatures Collaboratives et Ouvertes},
	urldate = {2024-07-04},
	publisher = {Ministère chargé de la culture},
	author = {Ministère chargé de la culture},
	month = nov,
	year = {2022},
	note = {original-date: 2013-01-25T16:31:32Z},
}

@misc{biblissima_quest-ce_nodate,
	title = {Qu’est-ce que {IIIF} ?},
	url = {https://iiif.biblissima.fr/},
	urldate = {2024-07-04},
	author = {Biblissima},
	file = {IIIF @ Biblissima:/Users/theoburnel/Zotero/storage/YRYC9FQY/iiif.biblissima.fr.html:text/html},
}

@misc{robson_iiif_nodate,
	title = {{IIIF} {Online} {Workshop}},
	url = {https://training.iiif.io/iiif-online-workshop/},
	urldate = {2024-07-04},
	author = {Robson, Glen},
	file = {Static Images - Workbench · IIIF Online Workshop:/Users/theoburnel/Zotero/storage/4QX2GISW/iiif-online-workshop.html:text/html},
}

@book{pastoureau_petit_2014,
	address = {Paris},
	series = {Points},
	title = {Le petit livre des couleurs},
	isbn = {978-2-7578-4153-2},
	language = {fre},
	number = {H377},
	publisher = {Seuil},
	author = {Pastoureau, Michel and Simonnet, Dominique},
	year = {2014},
}

@misc{agafonkin_leaflet_nodate,
	title = {Leaflet},
	url = {https://leafletjs.com/},
	abstract = {Leaflet is a modern, lightweight open-source JavaScript library for mobile-friendly interactive maps.},
	language = {en},
	urldate = {2024-07-26},
	author = {Agafonkin, Volodymyr},
	file = {Snapshot:/Users/theoburnel/Zotero/storage/8M9VT3PI/leafletjs.com.html:text/html},
}

@misc{pochon_agorha_nodate,
	title = {{AGORHA} : {Plateforme} de données de la recherche de l'{Institut} national d'histoire de l'art},
	author = {Pochon, Chloé},
}

@misc{pochon_cours_nodate,
	title = {Cours “{Initiation} à la programmation et au développement web” {Master} “{Technologies} numériques appliquées à l’histoire”, {Ecole} nationale des chartes - {Année} 2023-2024},
	author = {Pochon, Chloé},
}

@misc{noauthor_omeka_nodate,
	title = {Omeka {S}},
	url = {https://omeka.org/s/},
	urldate = {2024-07-26},
	file = {Omeka S:/Users/theoburnel/Zotero/storage/DTITER2B/s.html:text/html},
}

@misc{noauthor_visual_nodate,
	title = {Visual {Studio} {Code} - {Code} {Editing}. {Redefined}},
	url = {https://code.visualstudio.com/},
	abstract = {Visual Studio Code is a code editor redefined and optimized for building and debugging modern web and cloud applications.  Visual Studio Code is free and available on your favorite platform - Linux, macOS, and Windows.},
	language = {en},
	urldate = {2024-07-26},
	file = {Snapshot:/Users/theoburnel/Zotero/storage/LVAMRHM9/code.visualstudio.com.html:text/html},
}

@misc{noauthor_gitlens_nodate,
	title = {{GitLens} — {Git} supercharged - {Visual} {Studio} {Marketplace}},
	url = {https://marketplace.visualstudio.com/items?itemName=eamodio.gitlens},
	abstract = {Extension for Visual Studio Code - Supercharge Git within VS Code — Visualize code authorship at a glance via Git blame annotations and CodeLens, seamlessly navigate and explore Git repositories, gain valuable insights via rich visualizations and powerful comparison commands, and so much more},
	language = {en-us},
	urldate = {2024-07-26},
	file = {Snapshot:/Users/theoburnel/Zotero/storage/8BVIVGL3/items.html:text/html},
}

@misc{noauthor_git_nodate,
	title = {Git {Graph} - {Visual} {Studio} {Marketplace}},
	url = {https://marketplace.visualstudio.com/items?itemName=mhutchie.git-graph},
	abstract = {Extension for Visual Studio Code - View a Git Graph of your repository, and perform Git actions from the graph.},
	language = {en-us},
	urldate = {2024-07-26},
	file = {Snapshot:/Users/theoburnel/Zotero/storage/CLRS6236/items.html:text/html},
}

@misc{noauthor_live_nodate,
	title = {Live {Server} - {Visual} {Studio} {Marketplace}},
	url = {https://marketplace.visualstudio.com/items?itemName=ritwickdey.LiveServer},
	abstract = {Extension for Visual Studio Code - Launch a development local Server with live reload feature for static \& dynamic pages},
	language = {en-us},
	urldate = {2024-07-26},
}

@misc{university_of_applied_sciences_potsdam_visualizing_nodate,
	title = {Visualizing {Cultural} {Collections}},
	url = {https://uclab.fh-potsdam.de/vikus/},
	urldate = {2024-07-26},
	author = {University of Applied Sciences Potsdam},
	file = {Visualizing Cultural Collections - Visualisierung kultureller Sammlungen · FH Potsdam:/Users/theoburnel/Zotero/storage/KW57MQ74/vikus.html:text/html},
}

@misc{noauthor_international_2024,
	title = {International {Image} {Interoperability} {Framework}},
	url = {https://iiif.io/},
	abstract = {IIIF is a set of open standards for delivering high-quality, attributed digital objects online at scale. It’s also an international community developing and implementing the IIIF APIs. IIIF is backed by a consortium of leading cultural institutions.},
	language = {en},
	urldate = {2024-07-26},
	month = jun,
	year = {2024},
}

@misc{noauthor_web_2017,
	title = {Web {Annotation} {Data} {Model}},
	url = {https://www.w3.org/TR/annotation-model/},
	language = {en},
	urldate = {2024-07-26},
	month = feb,
	year = {2017},
	file = {Snapshot:/Users/theoburnel/Zotero/storage/RJSYL4K7/annotation-model.html:text/html},
}

@misc{noauthor_mirador_nodate,
	title = {Mirador},
	url = {https://projectmirador.org/},
	urldate = {2024-07-26},
	file = {Mirador — Home:/Users/theoburnel/Zotero/storage/GPCHC64G/projectmirador.org.html:text/html},
}

@misc{noauthor_iiif_nodate,
	title = {{IIIF} {Manifest} {Editor}},
	url = {https://digital.bodleian.ox.ac.uk/manifest-editor/#/?_k=xghhw2},
	urldate = {2024-07-26},
	file = {IIIF Manifest Editor:/Users/theoburnel/Zotero/storage/CXZQUP2X/manifest-editor.html:text/html},
}

@misc{noauthor_google_nodate,
	title = {Google {My} {Maps}},
	url = {https://www.google.com/maps/d/},
	abstract = {Avec My Maps, créez et partagez vos cartes personnalisées en toute simplicité.},
	urldate = {2024-07-26},
	journal = {Google My Maps},
	file = {Snapshot:/Users/theoburnel/Zotero/storage/HKG5FID7/d.html:text/html},
}

@misc{noauthor_mapbox_nodate,
	title = {Mapbox {\textbar} {Maps}, {Navigation}, {Search}, and {Data}},
	url = {https://www.mapbox.com/},
	urldate = {2024-07-26},
	file = {Mapbox | Maps, Navigation, Search, and Data:/Users/theoburnel/Zotero/storage/SEY9WVT9/www.mapbox.com.html:text/html},
}

@misc{noauthor_arcgis_nodate,
	title = {{ArcGIS} {Online}},
	url = {https://www.arcgis.com/index.html},
	urldate = {2024-07-26},
	file = {index.html:/Users/theoburnel/Zotero/storage/EDZ8RDZB/index.html:text/html},
}

@misc{noauthor_openlayers_nodate,
	title = {{OpenLayers}},
	url = {https://openlayers.org/},
	urldate = {2024-07-26},
	file = {OpenLayers - Welcome:/Users/theoburnel/Zotero/storage/IS4BYCXB/openlayers.org.html:text/html},
}

@misc{noauthor_d3_nodate,
	title = {D3 {\textbar} {The} {JavaScript} library for bespoke data visualization},
	url = {https://d3js.org/},
	urldate = {2024-07-26},
	file = {D3 by Observable | The JavaScript library for bespoke data visualization:/Users/theoburnel/Zotero/storage/6ZEJT96C/d3js.org.html:text/html},
}
